{"leader":"01784cz  a2200397n  4500","fields":[{"001":"94541"},
{"005":"20120531090147.0"},
{"008":"011206n| ac|nnaaba          |n aaa     d"},
{"035":{"subfields":[{"a":"http:\/\/dbpedia.org\/resource\/August_Strindberg"}],"ind2":" ","ind1":" "}},
{"035":{"subfields":[{"a":"(LIBRIS)A000063495"}],"ind2":" ","ind1":" "}},
{"040":{"subfields":[{"a":"S"},
  {"b":"swe"}],"ind2":" ","ind1":" "}},
{"043":{"subfields":[{"a":"sw"}],"ind2":" ","ind1":" "}},
{"046":{"subfields":[{"f":"18490122"},
  {"g":"19120514"}],"ind2":" ","ind1":" "}},
{"083":{"subfields":[{"a":"839.7267"},
  {"2":"23\/swe"}],"ind2":"4","ind1":"0"}},
{"100":{"subfields":[{"a":"Strindberg, August,"},
  {"d":"1849-1912"}],"ind2":" ","ind1":"1"}},
{"375":{"subfields":[{"a":"man"}],"ind2":" ","ind1":" "}},
{"400":{"subfields":[{"a":"Strindberg, Johan August,"},
  {"d":"1849-1912"}],"ind2":" ","ind1":"1"}},
{"400":{"subfields":[{"a":"Härved Ulf,"},
  {"d":"1849-1912"}],"ind2":" ","ind1":"0"}},
{"400":{"subfields":[{"a":"Strindberg, Avgust Juchan,"},
  {"d":"1849-1912"}],"ind2":" ","ind1":"1"}},
{"400":{"subfields":[{"a":"Stindberg, August,"},
  {"d":"1849-1912"}],"ind2":" ","ind1":"1"}},
{"400":{"subfields":[{"a":"Estrīndberg, Agūst,"},
  {"d":"1849-1912"}],"ind2":" ","ind1":"1"}},
{"400":{"subfields":[{"a":"Strintmperg, August,"},
  {"d":"1849-1912"}],"ind2":" ","ind1":"1"}},
{"400":{"subfields":[{"a":"Sutorindoberi, Yōhan A.,"},
  {"d":"1849-1912"}],"ind2":" ","ind1":"1"}},
{"400":{"subfields":[{"a":"ストリンドベリ"},
  {"d":"1849-1912"}],"ind2":" ","ind1":"3"}},
{"400":{"subfields":[{"a":"Стриндберг, Август Юхан"},
  {"d":"1849-1912"}],"ind2":" ","ind1":"1"}},
{"667":{"subfields":[{"a":"Pseudonymen ändrad efter påpekande till den form som anges i Nationalupplagan av August Strindbergs Samlade verk (Ungdomsdramer 1). Tidigare: Härved, Ulf \/\/ 2012-02-06, SEK."}],"ind2":" ","ind1":" "}},
{"670":{"subfields":[{"a":"Röda rummet \/ af August Strindberg, 1879"}],"ind2":" ","ind1":" "}},
{"670":{"subfields":[{"a":"NE"}],"ind2":" ","ind1":" "}},
{"670":{"subfields":[{"a":"Fritänkaren \/ Härved Ulf, 1891"}],"ind2":" ","ind1":" "}},
{"678":{"subfields":[{"a":"Skönlitterär författare och dramatiker. Skrev ett par verk under pseudonymen Härved Ulf, bland annat Fritänkaren, Det sjunkande Hellas"}],"ind2":" ","ind1":" "}},
{"856":{"subfields":[{"u":"http:\/\/sv.wikipedia.org\/wiki\/August_Strindberg"},
  {"z":"Wikipedia"}],"ind2":"8","ind1":"4"}},
{"856":{"subfields":[{"u":"http:\/\/libris.kb.se\/images\/August_Strindberg.jpg"},
  {"y":"bild"}],"ind2":"8","ind1":"4"}},
{"856":{"subfields":[{"u":"http:\/\/viaf.org\/viaf\/54154627"},
  {"z":"VIAF"}],"ind2":"8","ind1":"4"}},
{"856":{"subfields":[{"u":"http:\/\/dbpedia.org\/resource\/August_Strindberg"},
  {"z":"DBPedia"}],"ind2":"8","ind1":"4"}},
{"856":{"subfields":[{"u":"http:\/\/en.wikipedia.org\/wiki\/August_Strindberg"},
  {"z":"Wikipedia"}],"ind2":"8","ind1":"4"}},
{"856":{"subfields":[{"u":"http:\/\/id.loc.gov\/authorities\/names\/n79005597"},
  {"z":"LC Name Authority"}],"ind2":"8","ind1":"4"}}]}
